<?xml version='1.0' encoding='UTF-8'?>
<ENVELOPE>
  <HEADER>
    <TALLYREQUEST>Import Data</TALLYREQUEST>
  </HEADER>
  <BODY>
    <IMPORTDATA>
      <REQUESTDESC>
        <REPORTNAME>Vouchers</REPORTNAME>
      </REQUESTDESC>
      <REQUESTDATA>
        <TALLYMESSAGE>
          <VOUCHER VCHTYPE="Sales" ACTION="Create">
            <DATE>20260405</DATE>
            <VCHDATE>20260405</VCHDATE>
            <VOUCHERNUMBER>1</VOUCHERNUMBER>
            <PARTYLEDGERNAME>XYZ Enterprises</PARTYLEDGERNAME>
            <NARRATION>Test Invoice</NARRATION>
            <ALLLEDGERENTRIES.LIST>
              <LEDGERNAME>XYZ Enterprises</LEDGERNAME>
              <ISDEEMEDPOSITIVE>Yes</ISDEEMEDPOSITIVE>
              <AMOUNT>-1000</AMOUNT>
            </ALLLEDGERENTRIES.LIST>
            <ALLLEDGERENTRIES.LIST>
              <LEDGERNAME>Sales</LEDGERNAME>
              <ISDEEMEDPOSITIVE>No</ISDEEMEDPOSITIVE>
              <AMOUNT>1000</AMOUNT>
            </ALLLEDGERENTRIES.LIST>
          </VOUCHER>
        </TALLYMESSAGE>
      </REQUESTDATA>
    </IMPORTDATA>
  </BODY>
</ENVELOPE>
